<marc:record xmlns:marc="http://www.loc.gov/MARC21/slim" xmlns:xsi="http://www.w3.org/2001/XMLSchema-instance" xsi:schemaLocation="http://www.loc.gov/MARC21/slim http://www.loc.gov/standards/marcxml/schema/MARC21slim.xsd">
  <marc:leader>     nam a2200277 a 4500</marc:leader>
  <marc:controlfield tag="001">002083171</marc:controlfield>
  <marc:controlfield tag="003">NNU</marc:controlfield>
  <marc:controlfield tag="005">20061010172317.0</marc:controlfield>
  <marc:controlfield tag="008">930625s1955    ua af         000 0 ara d</marc:controlfield>
  <marc:datafield tag="035" ind1="9" ind2=" ">
    <marc:subfield code="a">NYUb11038904</marc:subfield>
  </marc:datafield>
  <marc:datafield tag="035" ind1=" " ind2=" ">
    <marc:subfield code="a">(CStRLIN)NYUG93-B30776</marc:subfield>
  </marc:datafield>
  <marc:datafield tag="040" ind1=" " ind2=" ">
    <marc:subfield code="a">"IXA"</marc:subfield>
    <marc:subfield code="c">NNU</marc:subfield>
    <marc:subfield code="d">NNU</marc:subfield>
  </marc:datafield>
  <marc:datafield tag="066" ind1=" " ind2=" ">
    <marc:subfield code="c">(3</marc:subfield>
  </marc:datafield>
  <marc:datafield tag="090" ind1=" " ind2=" ">
    <marc:subfield code="a">PJ7642.Z5</marc:subfield>
    <marc:subfield code="b">T38 1955</marc:subfield>
  </marc:datafield>
  <marc:datafield tag="100" ind1="1" ind2=" ">
    <marc:subfield code="a">Tawfīq, Muḥammad Muḥammad</marc:subfield>
    <marc:subfield code="6">01</marc:subfield>
  </marc:datafield>
  <marc:datafield tag="100" ind1="0" ind2=" ">
    <marc:subfield code="6">01</marc:subfield>
    <marc:subfield code="a">محمد محمد توفيق.</marc:subfield>
  </marc:datafield>
  <marc:datafield tag="245" ind1="1" ind2="3">
    <marc:subfield code="6">02</marc:subfield>
    <marc:subfield code="a">al-Muʻallaqah al-Islāmīyah fī tārīkh al-Kaʻbah wa-al-Masjid al-Ḥarām /</marc:subfield>
    <marc:subfield code="c">naẓm Muḥammad Muḥammad Tawfīq ; sharḥ Muḥammad Amīn al-Tamīmī.</marc:subfield>
  </marc:datafield>
  <marc:datafield tag="245" ind1="1" ind2="2">
    <marc:subfield code="6">02</marc:subfield>
    <marc:subfield code="a">المعلقة الاسلامية في تاريخ الكعبة والمسجد الحرام /</marc:subfield>
    <marc:subfield code="c">نظم محمد محمد توفيق؛ شرح محمد أمين التميمي.</marc:subfield>
  </marc:datafield>
  <marc:datafield tag="250" ind1=" " ind2=" ">
    <marc:subfield code="6">03</marc:subfield>
    <marc:subfield code="a">al-Ṭabʻah 1.</marc:subfield>
  </marc:datafield>
  <marc:datafield tag="250" ind1=" " ind2=" ">
    <marc:subfield code="6">03</marc:subfield>
    <marc:subfield code="a">الطبعة ١.</marc:subfield>
  </marc:datafield>
  <marc:datafield tag="260" ind1=" " ind2=" ">
    <marc:subfield code="6">04</marc:subfield>
    <marc:subfield code="a">al-Qāhirah :</marc:subfield>
    <marc:subfield code="b">Maṭbaʻat al-Saʻādah,</marc:subfield>
    <marc:subfield code="c">1955.</marc:subfield>
  </marc:datafield>
  <marc:datafield tag="260" ind1=" " ind2=" ">
    <marc:subfield code="6">04</marc:subfield>
    <marc:subfield code="a">القاهرة :</marc:subfield>
    <marc:subfield code="b">مطبعة السعادة،</marc:subfield>
    <marc:subfield code="c">١٩٥٥.</marc:subfield>
  </marc:datafield>
  <marc:datafield tag="300" ind1=" " ind2=" ">
    <marc:subfield code="a">239 p., [8] p. of plates :</marc:subfield>
    <marc:subfield code="b">ill. ;</marc:subfield>
    <marc:subfield code="c">24 cm.</marc:subfield>
  </marc:datafield>
  <marc:datafield tag="630" ind1="0" ind2="0">
    <marc:subfield code="a">Muʻallaqāt.</marc:subfield>
    <marc:subfield code="l">English &amp; Arabic</marc:subfield>
  </marc:datafield>
  <marc:datafield tag="610" ind1="2" ind2="0">
    <marc:subfield code="a">Masjid al-Ḥarām.</marc:subfield>
  </marc:datafield>
  <marc:datafield tag="700" ind1="1" ind2=" ">
    <marc:subfield code="a">Tamīmī, Muḥammad Amīn.</marc:subfield>
  </marc:datafield>
  <marc:datafield tag="998" ind1=" " ind2=" ">
    <marc:subfield code="a">19930625</marc:subfield>
    <marc:subfield code="d">19930625</marc:subfield>
    <marc:subfield code="d">19990614</marc:subfield>
    <marc:subfield code="n">NNU</marc:subfield>
    <marc:subfield code="s">1</marc:subfield>
    <marc:subfield code="t">c</marc:subfield>
    <marc:subfield code="z">p</marc:subfield>
  </marc:datafield>
</marc:record>
